@inproceedings{mason1993dynamic,
  title={Dynamic manipulation},
  author={Mason, Matthew T and Lynch, Kevin M},
  booktitle={Proceedings of 1993 IEEE/RSJ International Conference on Intelligent Robots and Systems (IROS'93)},
  volume={1},
  pages={152--159},
  year={1993},
  organization={IEEE}
}

@article{zeng2020tossingbot,
  title={Tossingbot: Learning to throw arbitrary objects with residual physics},
  author={Zeng, Andy and Song, Shuran and Lee, Johnny and Rodriguez, Alberto and Funkhouser, Thomas},
  journal={IEEE Transactions on Robotics},
  volume={36},
  number={4},
  pages={1307--1319},
  year={2020},
  publisher={IEEE}
}

@inproceedings{liu2022solution,
  title={A solution to adaptive mobile manipulator throwing},
  author={Liu, Yang and Nayak, Aradhana and Billard, Aude},
  booktitle={2022 Ieee/Rsj International Conference On Intelligent Robots And Systems (Iros)},
  pages={1625--1632},
  year={2022},
  organization={IEEE}
}

@misc{drake,
 author = "Russ Tedrake and the Drake Development Team",
 title = "Drake: Model-based design and verification for robotics",
 year = 2019,
 url = "https://drake.mit.edu"
}

@misc{blender,
 author = "Blender Development Team",
 title = "Blender (Version 4.2.1)",
 year = 2024,
 url = "https://www.blender.org"
}

@article{ramirez2023robotic,
  title={Robotic Arm Manipulation to Perform Rock Skipping in Simulation},
  author={Ramirez, Nicholas and Burgess, Michael},
  journal={arXiv preprint arXiv:2310.14492},
  year={2023}
}